/home/scott/refs/jabref.bib